%YAML 1.1
%TAG !u! tag:unity3d.com,2011:
--- !u!1 &1657092078480322937
GameObject:
  m_ObjectHideFlags: 0
  m_CorrespondingSourceObject: {fileID: 0}
  m_PrefabInstance: {fileID: 0}
  m_PrefabAsset: {fileID: 0}
  serializedVersion: 6
  m_Component:
  - component: {fileID: 1657092078480322936}
  m_Layer: 0
  m_Name: Labyrinth
  m_TagString: Untagged
  m_Icon: {fileID: 0}
  m_NavMeshLayer: 0
  m_StaticEditorFlags: 0
  m_IsActive: 1
--- !u!4 &1657092078480322936
Transform:
  m_ObjectHideFlags: 0
  m_CorrespondingSourceObject: {fileID: 0}
  m_PrefabInstance: {fileID: 0}
  m_PrefabAsset: {fileID: 0}
  m_GameObject: {fileID: 1657092078480322937}
  m_LocalRotation: {x: 0, y: 0, z: 0, w: 1}
  m_LocalPosition: {x: 0.15239668, y: 2.592692, z: -4.7403584}
  m_LocalScale: {x: 1, y: 1, z: 1}
  m_Children:
  - {fileID: 1657092077598721168}
  - {fileID: 1657092078600688285}
  - {fileID: 2679296036012259399}
  - {fileID: 2679296035785257164}
  - {fileID: 2679296037483805474}
  - {fileID: 2679296036319009262}
  - {fileID: 2679296037417427489}
  - {fileID: 2679296036834397791}
  - {fileID: 2679296037659921006}
  - {fileID: 213312211502744961}
  - {fileID: 6689999855098297764}
  - {fileID: 6689999854536374849}
  - {fileID: 6689999855706848941}
  - {fileID: 2679296037254531480}
  - {fileID: 2679296037004058550}
  - {fileID: 3660624126899328949}
  - {fileID: 2679296036314190042}
  m_Father: {fileID: 0}
  m_RootOrder: 0
  m_LocalEulerAnglesHint: {x: 0, y: 0, z: 0}
--- !u!1001 &1222271262544595062
PrefabInstance:
  m_ObjectHideFlags: 0
  serializedVersion: 2
  m_Modification:
    m_TransformParent: {fileID: 1657092078480322936}
    m_Modifications:
    - target: {fileID: 434963826794908898, guid: b30f2043684e2e6479c4bffbb20f5dbc,
        type: 3}
      propertyPath: m_Name
      value: Floor
      objectReference: {fileID: 0}
    - target: {fileID: 434963826794908902, guid: b30f2043684e2e6479c4bffbb20f5dbc,
        type: 3}
      propertyPath: m_LocalPosition.x
      value: -0.20239668
      objectReference: {fileID: 0}
    - target: {fileID: 434963826794908902, guid: b30f2043684e2e6479c4bffbb20f5dbc,
        type: 3}
      propertyPath: m_LocalPosition.y
      value: -2.592692
      objectReference: {fileID: 0}
    - target: {fileID: 434963826794908902, guid: b30f2043684e2e6479c4bffbb20f5dbc,
        type: 3}
      propertyPath: m_LocalPosition.z
      value: 4.5403585
      objectReference: {fileID: 0}
    - target: {fileID: 434963826794908902, guid: b30f2043684e2e6479c4bffbb20f5dbc,
        type: 3}
      propertyPath: m_LocalRotation.x
      value: -0
      objectReference: {fileID: 0}
    - target: {fileID: 434963826794908902, guid: b30f2043684e2e6479c4bffbb20f5dbc,
        type: 3}
      propertyPath: m_LocalRotation.y
      value: -0
      objectReference: {fileID: 0}
    - target: {fileID: 434963826794908902, guid: b30f2043684e2e6479c4bffbb20f5dbc,
        type: 3}
      propertyPath: m_LocalRotation.z
      value: -0
      objectReference: {fileID: 0}
    - target: {fileID: 434963826794908902, guid: b30f2043684e2e6479c4bffbb20f5dbc,
        type: 3}
      propertyPath: m_LocalRotation.w
      value: 1
      objectReference: {fileID: 0}
    - target: {fileID: 434963826794908902, guid: b30f2043684e2e6479c4bffbb20f5dbc,
        type: 3}
      propertyPath: m_RootOrder
      value: 0
      objectReference: {fileID: 0}
    - target: {fileID: 434963826794908902, guid: b30f2043684e2e6479c4bffbb20f5dbc,
        type: 3}
      propertyPath: m_LocalEulerAnglesHint.x
      value: 0
      objectReference: {fileID: 0}
    - target: {fileID: 434963826794908902, guid: b30f2043684e2e6479c4bffbb20f5dbc,
        type: 3}
      propertyPath: m_LocalEulerAnglesHint.y
      value: 0
      objectReference: {fileID: 0}
    - target: {fileID: 434963826794908902, guid: b30f2043684e2e6479c4bffbb20f5dbc,
        type: 3}
      propertyPath: m_LocalEulerAnglesHint.z
      value: 0
      objectReference: {fileID: 0}
    m_RemovedComponents: []
  m_SourcePrefab: {fileID: 100100000, guid: b30f2043684e2e6479c4bffbb20f5dbc, type: 3}
--- !u!4 &1657092077598721168 stripped
Transform:
  m_CorrespondingSourceObject: {fileID: 434963826794908902, guid: b30f2043684e2e6479c4bffbb20f5dbc,
    type: 3}
  m_PrefabInstance: {fileID: 1222271262544595062}
  m_PrefabAsset: {fileID: 0}
--- !u!1001 &1657092077662536355
PrefabInstance:
  m_ObjectHideFlags: 0
  serializedVersion: 2
  m_Modification:
    m_TransformParent: {fileID: 1657092078480322936}
    m_Modifications:
    - target: {fileID: 3734022832790698712, guid: cc97e8645b8340a49938437e55a8393e,
        type: 3}
      propertyPath: m_Name
      value: Wall
      objectReference: {fileID: 0}
    - target: {fileID: 3734022832790698724, guid: cc97e8645b8340a49938437e55a8393e,
        type: 3}
      propertyPath: m_LocalPosition.x
      value: 0.047603324
      objectReference: {fileID: 0}
    - target: {fileID: 3734022832790698724, guid: cc97e8645b8340a49938437e55a8393e,
        type: 3}
      propertyPath: m_LocalPosition.y
      value: -0.5926919
      objectReference: {fileID: 0}
    - target: {fileID: 3734022832790698724, guid: cc97e8645b8340a49938437e55a8393e,
        type: 3}
      propertyPath: m_LocalPosition.z
      value: -4.9554415
      objectReference: {fileID: 0}
    - target: {fileID: 3734022832790698724, guid: cc97e8645b8340a49938437e55a8393e,
        type: 3}
      propertyPath: m_LocalRotation.x
      value: -0
      objectReference: {fileID: 0}
    - target: {fileID: 3734022832790698724, guid: cc97e8645b8340a49938437e55a8393e,
        type: 3}
      propertyPath: m_LocalRotation.y
      value: 0.7071068
      objectReference: {fileID: 0}
    - target: {fileID: 3734022832790698724, guid: cc97e8645b8340a49938437e55a8393e,
        type: 3}
      propertyPath: m_LocalRotation.z
      value: -0
      objectReference: {fileID: 0}
    - target: {fileID: 3734022832790698724, guid: cc97e8645b8340a49938437e55a8393e,
        type: 3}
      propertyPath: m_LocalRotation.w
      value: 0.7071068
      objectReference: {fileID: 0}
    - target: {fileID: 3734022832790698724, guid: cc97e8645b8340a49938437e55a8393e,
        type: 3}
      propertyPath: m_RootOrder
      value: 2
      objectReference: {fileID: 0}
    - target: {fileID: 3734022832790698724, guid: cc97e8645b8340a49938437e55a8393e,
        type: 3}
      propertyPath: m_LocalEulerAnglesHint.x
      value: 0
      objectReference: {fileID: 0}
    - target: {fileID: 3734022832790698724, guid: cc97e8645b8340a49938437e55a8393e,
        type: 3}
      propertyPath: m_LocalEulerAnglesHint.y
      value: 90
      objectReference: {fileID: 0}
    - target: {fileID: 3734022832790698724, guid: cc97e8645b8340a49938437e55a8393e,
        type: 3}
      propertyPath: m_LocalEulerAnglesHint.z
      value: 0
      objectReference: {fileID: 0}
    m_RemovedComponents: []
  m_SourcePrefab: {fileID: 100100000, guid: cc97e8645b8340a49938437e55a8393e, type: 3}
--- !u!4 &2679296036012259399 stripped
Transform:
  m_CorrespondingSourceObject: {fileID: 3734022832790698724, guid: cc97e8645b8340a49938437e55a8393e,
    type: 3}
  m_PrefabInstance: {fileID: 1657092077662536355}
  m_PrefabAsset: {fileID: 0}
--- !u!1001 &1657092077807357061
PrefabInstance:
  m_ObjectHideFlags: 0
  serializedVersion: 2
  m_Modification:
    m_TransformParent: {fileID: 1657092078480322936}
    m_Modifications:
    - target: {fileID: 1848670370784072581, guid: 65b90b9da6024624fba11895f986bd34,
        type: 3}
      propertyPath: m_Name
      value: BigWall (2)
      objectReference: {fileID: 0}
    - target: {fileID: 5343673906976552644, guid: 65b90b9da6024624fba11895f986bd34,
        type: 3}
      propertyPath: m_LocalPosition.x
      value: -5.352399
      objectReference: {fileID: 0}
    - target: {fileID: 5343673906976552644, guid: 65b90b9da6024624fba11895f986bd34,
        type: 3}
      propertyPath: m_LocalPosition.y
      value: 6.054687
      objectReference: {fileID: 0}
    - target: {fileID: 5343673906976552644, guid: 65b90b9da6024624fba11895f986bd34,
        type: 3}
      propertyPath: m_LocalPosition.z
      value: 10.96236
      objectReference: {fileID: 0}
    - target: {fileID: 5343673906976552644, guid: 65b90b9da6024624fba11895f986bd34,
        type: 3}
      propertyPath: m_LocalRotation.x
      value: -0
      objectReference: {fileID: 0}
    - target: {fileID: 5343673906976552644, guid: 65b90b9da6024624fba11895f986bd34,
        type: 3}
      propertyPath: m_LocalRotation.y
      value: -0.7071068
      objectReference: {fileID: 0}
    - target: {fileID: 5343673906976552644, guid: 65b90b9da6024624fba11895f986bd34,
        type: 3}
      propertyPath: m_LocalRotation.z
      value: -0
      objectReference: {fileID: 0}
    - target: {fileID: 5343673906976552644, guid: 65b90b9da6024624fba11895f986bd34,
        type: 3}
      propertyPath: m_LocalRotation.w
      value: 0.7071068
      objectReference: {fileID: 0}
    - target: {fileID: 5343673906976552644, guid: 65b90b9da6024624fba11895f986bd34,
        type: 3}
      propertyPath: m_RootOrder
      value: 11
      objectReference: {fileID: 0}
    - target: {fileID: 5343673906976552644, guid: 65b90b9da6024624fba11895f986bd34,
        type: 3}
      propertyPath: m_LocalEulerAnglesHint.x
      value: 0
      objectReference: {fileID: 0}
    - target: {fileID: 5343673906976552644, guid: 65b90b9da6024624fba11895f986bd34,
        type: 3}
      propertyPath: m_LocalEulerAnglesHint.y
      value: -90
      objectReference: {fileID: 0}
    - target: {fileID: 5343673906976552644, guid: 65b90b9da6024624fba11895f986bd34,
        type: 3}
      propertyPath: m_LocalEulerAnglesHint.z
      value: 0
      objectReference: {fileID: 0}
    - target: {fileID: 5343673906976552644, guid: 65b90b9da6024624fba11895f986bd34,
        type: 3}
      propertyPath: m_LocalScale.x
      value: 1
      objectReference: {fileID: 0}
    - target: {fileID: 5343673906976552644, guid: 65b90b9da6024624fba11895f986bd34,
        type: 3}
      propertyPath: m_LocalScale.z
      value: 1
      objectReference: {fileID: 0}
    m_RemovedComponents: []
  m_SourcePrefab: {fileID: 100100000, guid: 65b90b9da6024624fba11895f986bd34, type: 3}
--- !u!4 &6689999854536374849 stripped
Transform:
  m_CorrespondingSourceObject: {fileID: 5343673906976552644, guid: 65b90b9da6024624fba11895f986bd34,
    type: 3}
  m_PrefabInstance: {fileID: 1657092077807357061}
  m_PrefabAsset: {fileID: 0}
--- !u!1001 &1657092078023756328
PrefabInstance:
  m_ObjectHideFlags: 0
  serializedVersion: 2
  m_Modification:
    m_TransformParent: {fileID: 1657092078480322936}
    m_Modifications:
    - target: {fileID: 3734022832790698712, guid: cc97e8645b8340a49938437e55a8393e,
        type: 3}
      propertyPath: m_Name
      value: Wall (1)
      objectReference: {fileID: 0}
    - target: {fileID: 3734022832790698724, guid: cc97e8645b8340a49938437e55a8393e,
        type: 3}
      propertyPath: m_LocalPosition.x
      value: 4.817303
      objectReference: {fileID: 0}
    - target: {fileID: 3734022832790698724, guid: cc97e8645b8340a49938437e55a8393e,
        type: 3}
      propertyPath: m_LocalPosition.y
      value: -0.5926919
      objectReference: {fileID: 0}
    - target: {fileID: 3734022832790698724, guid: cc97e8645b8340a49938437e55a8393e,
        type: 3}
      propertyPath: m_LocalPosition.z
      value: -4.9554415
      objectReference: {fileID: 0}
    - target: {fileID: 3734022832790698724, guid: cc97e8645b8340a49938437e55a8393e,
        type: 3}
      propertyPath: m_LocalRotation.x
      value: -0
      objectReference: {fileID: 0}
    - target: {fileID: 3734022832790698724, guid: cc97e8645b8340a49938437e55a8393e,
        type: 3}
      propertyPath: m_LocalRotation.y
      value: 0.7071068
      objectReference: {fileID: 0}
    - target: {fileID: 3734022832790698724, guid: cc97e8645b8340a49938437e55a8393e,
        type: 3}
      propertyPath: m_LocalRotation.z
      value: -0
      objectReference: {fileID: 0}
    - target: {fileID: 3734022832790698724, guid: cc97e8645b8340a49938437e55a8393e,
        type: 3}
      propertyPath: m_LocalRotation.w
      value: 0.7071068
      objectReference: {fileID: 0}
    - target: {fileID: 3734022832790698724, guid: cc97e8645b8340a49938437e55a8393e,
        type: 3}
      propertyPath: m_RootOrder
      value: 3
      objectReference: {fileID: 0}
    - target: {fileID: 3734022832790698724, guid: cc97e8645b8340a49938437e55a8393e,
        type: 3}
      propertyPath: m_LocalEulerAnglesHint.x
      value: 0
      objectReference: {fileID: 0}
    - target: {fileID: 3734022832790698724, guid: cc97e8645b8340a49938437e55a8393e,
        type: 3}
      propertyPath: m_LocalEulerAnglesHint.y
      value: 90
      objectReference: {fileID: 0}
    - target: {fileID: 3734022832790698724, guid: cc97e8645b8340a49938437e55a8393e,
        type: 3}
      propertyPath: m_LocalEulerAnglesHint.z
      value: 0
      objectReference: {fileID: 0}
    m_RemovedComponents: []
  m_SourcePrefab: {fileID: 100100000, guid: cc97e8645b8340a49938437e55a8393e, type: 3}
--- !u!4 &2679296035785257164 stripped
Transform:
  m_CorrespondingSourceObject: {fileID: 3734022832790698724, guid: cc97e8645b8340a49938437e55a8393e,
    type: 3}
  m_PrefabInstance: {fileID: 1657092078023756328}
  m_PrefabAsset: {fileID: 0}
--- !u!1001 &1657092078568565310
PrefabInstance:
  m_ObjectHideFlags: 0
  serializedVersion: 2
  m_Modification:
    m_TransformParent: {fileID: 1657092078480322936}
    m_Modifications:
    - target: {fileID: 3734022832790698712, guid: cc97e8645b8340a49938437e55a8393e,
        type: 3}
      propertyPath: m_Name
      value: Wall (9)
      objectReference: {fileID: 0}
    - target: {fileID: 3734022832790698724, guid: cc97e8645b8340a49938437e55a8393e,
        type: 3}
      propertyPath: m_LocalPosition.x
      value: -10.276
      objectReference: {fileID: 0}
    - target: {fileID: 3734022832790698724, guid: cc97e8645b8340a49938437e55a8393e,
        type: 3}
      propertyPath: m_LocalPosition.y
      value: -0.5927
      objectReference: {fileID: 0}
    - target: {fileID: 3734022832790698724, guid: cc97e8645b8340a49938437e55a8393e,
        type: 3}
      propertyPath: m_LocalPosition.z
      value: -2.7279
      objectReference: {fileID: 0}
    - target: {fileID: 3734022832790698724, guid: cc97e8645b8340a49938437e55a8393e,
        type: 3}
      propertyPath: m_LocalRotation.x
      value: 0
      objectReference: {fileID: 0}
    - target: {fileID: 3734022832790698724, guid: cc97e8645b8340a49938437e55a8393e,
        type: 3}
      propertyPath: m_LocalRotation.y
      value: 0.7071068
      objectReference: {fileID: 0}
    - target: {fileID: 3734022832790698724, guid: cc97e8645b8340a49938437e55a8393e,
        type: 3}
      propertyPath: m_LocalRotation.z
      value: 0
      objectReference: {fileID: 0}
    - target: {fileID: 3734022832790698724, guid: cc97e8645b8340a49938437e55a8393e,
        type: 3}
      propertyPath: m_LocalRotation.w
      value: 0.7071068
      objectReference: {fileID: 0}
    - target: {fileID: 3734022832790698724, guid: cc97e8645b8340a49938437e55a8393e,
        type: 3}
      propertyPath: m_RootOrder
      value: 16
      objectReference: {fileID: 0}
    - target: {fileID: 3734022832790698724, guid: cc97e8645b8340a49938437e55a8393e,
        type: 3}
      propertyPath: m_LocalEulerAnglesHint.x
      value: 0
      objectReference: {fileID: 0}
    - target: {fileID: 3734022832790698724, guid: cc97e8645b8340a49938437e55a8393e,
        type: 3}
      propertyPath: m_LocalEulerAnglesHint.y
      value: 90
      objectReference: {fileID: 0}
    - target: {fileID: 3734022832790698724, guid: cc97e8645b8340a49938437e55a8393e,
        type: 3}
      propertyPath: m_LocalEulerAnglesHint.z
      value: 0
      objectReference: {fileID: 0}
    - target: {fileID: 3734022832790698724, guid: cc97e8645b8340a49938437e55a8393e,
        type: 3}
      propertyPath: m_LocalScale.x
      value: 8.34338
      objectReference: {fileID: 0}
    m_RemovedComponents: []
  m_SourcePrefab: {fileID: 100100000, guid: cc97e8645b8340a49938437e55a8393e, type: 3}
--- !u!4 &2679296036314190042 stripped
Transform:
  m_CorrespondingSourceObject: {fileID: 3734022832790698724, guid: cc97e8645b8340a49938437e55a8393e,
    type: 3}
  m_PrefabInstance: {fileID: 1657092078568565310}
  m_PrefabAsset: {fileID: 0}
--- !u!1001 &1657092078570038026
PrefabInstance:
  m_ObjectHideFlags: 0
  serializedVersion: 2
  m_Modification:
    m_TransformParent: {fileID: 1657092078480322936}
    m_Modifications:
    - target: {fileID: 3734022832790698712, guid: cc97e8645b8340a49938437e55a8393e,
        type: 3}
      propertyPath: m_Name
      value: Wall (3)
      objectReference: {fileID: 0}
    - target: {fileID: 3734022832790698724, guid: cc97e8645b8340a49938437e55a8393e,
        type: 3}
      propertyPath: m_LocalPosition.x
      value: -0.39939666
      objectReference: {fileID: 0}
    - target: {fileID: 3734022832790698724, guid: cc97e8645b8340a49938437e55a8393e,
        type: 3}
      propertyPath: m_LocalPosition.y
      value: -0.5926919
      objectReference: {fileID: 0}
    - target: {fileID: 3734022832790698724, guid: cc97e8645b8340a49938437e55a8393e,
        type: 3}
      propertyPath: m_LocalPosition.z
      value: 14.539159
      objectReference: {fileID: 0}
    - target: {fileID: 3734022832790698724, guid: cc97e8645b8340a49938437e55a8393e,
        type: 3}
      propertyPath: m_LocalRotation.x
      value: -0
      objectReference: {fileID: 0}
    - target: {fileID: 3734022832790698724, guid: cc97e8645b8340a49938437e55a8393e,
        type: 3}
      propertyPath: m_LocalRotation.y
      value: 0.7071068
      objectReference: {fileID: 0}
    - target: {fileID: 3734022832790698724, guid: cc97e8645b8340a49938437e55a8393e,
        type: 3}
      propertyPath: m_LocalRotation.z
      value: -0
      objectReference: {fileID: 0}
    - target: {fileID: 3734022832790698724, guid: cc97e8645b8340a49938437e55a8393e,
        type: 3}
      propertyPath: m_LocalRotation.w
      value: 0.7071068
      objectReference: {fileID: 0}
    - target: {fileID: 3734022832790698724, guid: cc97e8645b8340a49938437e55a8393e,
        type: 3}
      propertyPath: m_RootOrder
      value: 5
      objectReference: {fileID: 0}
    - target: {fileID: 3734022832790698724, guid: cc97e8645b8340a49938437e55a8393e,
        type: 3}
      propertyPath: m_LocalEulerAnglesHint.x
      value: 0
      objectReference: {fileID: 0}
    - target: {fileID: 3734022832790698724, guid: cc97e8645b8340a49938437e55a8393e,
        type: 3}
      propertyPath: m_LocalEulerAnglesHint.y
      value: 90
      objectReference: {fileID: 0}
    - target: {fileID: 3734022832790698724, guid: cc97e8645b8340a49938437e55a8393e,
        type: 3}
      propertyPath: m_LocalEulerAnglesHint.z
      value: 0
      objectReference: {fileID: 0}
    m_RemovedComponents: []
  m_SourcePrefab: {fileID: 100100000, guid: cc97e8645b8340a49938437e55a8393e, type: 3}
--- !u!4 &2679296036319009262 stripped
Transform:
  m_CorrespondingSourceObject: {fileID: 3734022832790698724, guid: cc97e8645b8340a49938437e55a8393e,
    type: 3}
  m_PrefabInstance: {fileID: 1657092078570038026}
  m_PrefabAsset: {fileID: 0}
--- !u!1001 &1657092078684005714
PrefabInstance:
  m_ObjectHideFlags: 0
  serializedVersion: 2
  m_Modification:
    m_TransformParent: {fileID: 1657092078480322936}
    m_Modifications:
    - target: {fileID: 3734022832790698712, guid: cc97e8645b8340a49938437e55a8393e,
        type: 3}
      propertyPath: m_Name
      value: Wall (8)
      objectReference: {fileID: 0}
    - target: {fileID: 3734022832790698724, guid: cc97e8645b8340a49938437e55a8393e,
        type: 3}
      propertyPath: m_LocalPosition.x
      value: -10.407
      objectReference: {fileID: 0}
    - target: {fileID: 3734022832790698724, guid: cc97e8645b8340a49938437e55a8393e,
        type: 3}
      propertyPath: m_LocalPosition.y
      value: -0.59269
      objectReference: {fileID: 0}
    - target: {fileID: 3734022832790698724, guid: cc97e8645b8340a49938437e55a8393e,
        type: 3}
      propertyPath: m_LocalPosition.z
      value: 9.2892
      objectReference: {fileID: 0}
    - target: {fileID: 3734022832790698724, guid: cc97e8645b8340a49938437e55a8393e,
        type: 3}
      propertyPath: m_LocalRotation.x
      value: 0
      objectReference: {fileID: 0}
    - target: {fileID: 3734022832790698724, guid: cc97e8645b8340a49938437e55a8393e,
        type: 3}
      propertyPath: m_LocalRotation.y
      value: 0.7071068
      objectReference: {fileID: 0}
    - target: {fileID: 3734022832790698724, guid: cc97e8645b8340a49938437e55a8393e,
        type: 3}
      propertyPath: m_LocalRotation.z
      value: 0
      objectReference: {fileID: 0}
    - target: {fileID: 3734022832790698724, guid: cc97e8645b8340a49938437e55a8393e,
        type: 3}
      propertyPath: m_LocalRotation.w
      value: 0.7071068
      objectReference: {fileID: 0}
    - target: {fileID: 3734022832790698724, guid: cc97e8645b8340a49938437e55a8393e,
        type: 3}
      propertyPath: m_RootOrder
      value: 14
      objectReference: {fileID: 0}
    - target: {fileID: 3734022832790698724, guid: cc97e8645b8340a49938437e55a8393e,
        type: 3}
      propertyPath: m_LocalEulerAnglesHint.x
      value: 0
      objectReference: {fileID: 0}
    - target: {fileID: 3734022832790698724, guid: cc97e8645b8340a49938437e55a8393e,
        type: 3}
      propertyPath: m_LocalEulerAnglesHint.y
      value: 90
      objectReference: {fileID: 0}
    - target: {fileID: 3734022832790698724, guid: cc97e8645b8340a49938437e55a8393e,
        type: 3}
      propertyPath: m_LocalEulerAnglesHint.z
      value: 0
      objectReference: {fileID: 0}
    m_RemovedComponents: []
  m_SourcePrefab: {fileID: 100100000, guid: cc97e8645b8340a49938437e55a8393e, type: 3}
--- !u!4 &2679296037004058550 stripped
Transform:
  m_CorrespondingSourceObject: {fileID: 3734022832790698724, guid: cc97e8645b8340a49938437e55a8393e,
    type: 3}
  m_PrefabInstance: {fileID: 1657092078684005714}
  m_PrefabAsset: {fileID: 0}
--- !u!1001 &1657092078817921129
PrefabInstance:
  m_ObjectHideFlags: 0
  serializedVersion: 2
  m_Modification:
    m_TransformParent: {fileID: 1657092078480322936}
    m_Modifications:
    - target: {fileID: 1848670370784072581, guid: 65b90b9da6024624fba11895f986bd34,
        type: 3}
      propertyPath: m_Name
      value: BigWall (3)
      objectReference: {fileID: 0}
    - target: {fileID: 5343673906976552644, guid: 65b90b9da6024624fba11895f986bd34,
        type: 3}
      propertyPath: m_LocalPosition.x
      value: 5.447503
      objectReference: {fileID: 0}
    - target: {fileID: 5343673906976552644, guid: 65b90b9da6024624fba11895f986bd34,
        type: 3}
      propertyPath: m_LocalPosition.y
      value: 6.054708
      objectReference: {fileID: 0}
    - target: {fileID: 5343673906976552644, guid: 65b90b9da6024624fba11895f986bd34,
        type: 3}
      propertyPath: m_LocalPosition.z
      value: -0.88164186
      objectReference: {fileID: 0}
    - target: {fileID: 5343673906976552644, guid: 65b90b9da6024624fba11895f986bd34,
        type: 3}
      propertyPath: m_LocalRotation.x
      value: -0
      objectReference: {fileID: 0}
    - target: {fileID: 5343673906976552644, guid: 65b90b9da6024624fba11895f986bd34,
        type: 3}
      propertyPath: m_LocalRotation.y
      value: 0.7071068
      objectReference: {fileID: 0}
    - target: {fileID: 5343673906976552644, guid: 65b90b9da6024624fba11895f986bd34,
        type: 3}
      propertyPath: m_LocalRotation.z
      value: -0
      objectReference: {fileID: 0}
    - target: {fileID: 5343673906976552644, guid: 65b90b9da6024624fba11895f986bd34,
        type: 3}
      propertyPath: m_LocalRotation.w
      value: 0.7071068
      objectReference: {fileID: 0}
    - target: {fileID: 5343673906976552644, guid: 65b90b9da6024624fba11895f986bd34,
        type: 3}
      propertyPath: m_RootOrder
      value: 12
      objectReference: {fileID: 0}
    - target: {fileID: 5343673906976552644, guid: 65b90b9da6024624fba11895f986bd34,
        type: 3}
      propertyPath: m_LocalEulerAnglesHint.x
      value: 0
      objectReference: {fileID: 0}
    - target: {fileID: 5343673906976552644, guid: 65b90b9da6024624fba11895f986bd34,
        type: 3}
      propertyPath: m_LocalEulerAnglesHint.y
      value: 90
      objectReference: {fileID: 0}
    - target: {fileID: 5343673906976552644, guid: 65b90b9da6024624fba11895f986bd34,
        type: 3}
      propertyPath: m_LocalEulerAnglesHint.z
      value: 0
      objectReference: {fileID: 0}
    m_RemovedComponents: []
  m_SourcePrefab: {fileID: 100100000, guid: 65b90b9da6024624fba11895f986bd34, type: 3}
--- !u!4 &6689999855706848941 stripped
Transform:
  m_CorrespondingSourceObject: {fileID: 5343673906976552644, guid: 65b90b9da6024624fba11895f986bd34,
    type: 3}
  m_PrefabInstance: {fileID: 1657092078817921129}
  m_PrefabAsset: {fileID: 0}
--- !u!1001 &1657092078985786555
PrefabInstance:
  m_ObjectHideFlags: 0
  serializedVersion: 2
  m_Modification:
    m_TransformParent: {fileID: 1657092078480322936}
    m_Modifications:
    - target: {fileID: 3734022832790698712, guid: cc97e8645b8340a49938437e55a8393e,
        type: 3}
      propertyPath: m_Name
      value: Wall (5)
      objectReference: {fileID: 0}
    - target: {fileID: 3734022832790698724, guid: cc97e8645b8340a49938437e55a8393e,
        type: 3}
      propertyPath: m_LocalPosition.x
      value: 7.4376035
      objectReference: {fileID: 0}
    - target: {fileID: 3734022832790698724, guid: cc97e8645b8340a49938437e55a8393e,
        type: 3}
      propertyPath: m_LocalPosition.y
      value: -0.5926919
      objectReference: {fileID: 0}
    - target: {fileID: 3734022832790698724, guid: cc97e8645b8340a49938437e55a8393e,
        type: 3}
      propertyPath: m_LocalPosition.z
      value: 15.700358
      objectReference: {fileID: 0}
    - target: {fileID: 3734022832790698724, guid: cc97e8645b8340a49938437e55a8393e,
        type: 3}
      propertyPath: m_LocalRotation.x
      value: -0
      objectReference: {fileID: 0}
    - target: {fileID: 3734022832790698724, guid: cc97e8645b8340a49938437e55a8393e,
        type: 3}
      propertyPath: m_LocalRotation.y
      value: 0.7071068
      objectReference: {fileID: 0}
    - target: {fileID: 3734022832790698724, guid: cc97e8645b8340a49938437e55a8393e,
        type: 3}
      propertyPath: m_LocalRotation.z
      value: -0
      objectReference: {fileID: 0}
    - target: {fileID: 3734022832790698724, guid: cc97e8645b8340a49938437e55a8393e,
        type: 3}
      propertyPath: m_LocalRotation.w
      value: 0.7071068
      objectReference: {fileID: 0}
    - target: {fileID: 3734022832790698724, guid: cc97e8645b8340a49938437e55a8393e,
        type: 3}
      propertyPath: m_RootOrder
      value: 7
      objectReference: {fileID: 0}
    - target: {fileID: 3734022832790698724, guid: cc97e8645b8340a49938437e55a8393e,
        type: 3}
      propertyPath: m_LocalEulerAnglesHint.x
      value: 0
      objectReference: {fileID: 0}
    - target: {fileID: 3734022832790698724, guid: cc97e8645b8340a49938437e55a8393e,
        type: 3}
      propertyPath: m_LocalEulerAnglesHint.y
      value: 90
      objectReference: {fileID: 0}
    - target: {fileID: 3734022832790698724, guid: cc97e8645b8340a49938437e55a8393e,
        type: 3}
      propertyPath: m_LocalEulerAnglesHint.z
      value: 0
      objectReference: {fileID: 0}
    m_RemovedComponents: []
  m_SourcePrefab: {fileID: 100100000, guid: cc97e8645b8340a49938437e55a8393e, type: 3}
--- !u!4 &2679296036834397791 stripped
Transform:
  m_CorrespondingSourceObject: {fileID: 3734022832790698724, guid: cc97e8645b8340a49938437e55a8393e,
    type: 3}
  m_PrefabInstance: {fileID: 1657092078985786555}
  m_PrefabAsset: {fileID: 0}
--- !u!1001 &1657092079152169414
PrefabInstance:
  m_ObjectHideFlags: 0
  serializedVersion: 2
  m_Modification:
    m_TransformParent: {fileID: 1657092078480322936}
    m_Modifications:
    - target: {fileID: 3734022832790698712, guid: cc97e8645b8340a49938437e55a8393e,
        type: 3}
      propertyPath: m_Name
      value: Wall (2)
      objectReference: {fileID: 0}
    - target: {fileID: 3734022832790698724, guid: cc97e8645b8340a49938437e55a8393e,
        type: 3}
      propertyPath: m_LocalPosition.x
      value: 9.897604
      objectReference: {fileID: 0}
    - target: {fileID: 3734022832790698724, guid: cc97e8645b8340a49938437e55a8393e,
        type: 3}
      propertyPath: m_LocalPosition.y
      value: -0.5926919
      objectReference: {fileID: 0}
    - target: {fileID: 3734022832790698724, guid: cc97e8645b8340a49938437e55a8393e,
        type: 3}
      propertyPath: m_LocalPosition.z
      value: -4.9554415
      objectReference: {fileID: 0}
    - target: {fileID: 3734022832790698724, guid: cc97e8645b8340a49938437e55a8393e,
        type: 3}
      propertyPath: m_LocalRotation.x
      value: -0
      objectReference: {fileID: 0}
    - target: {fileID: 3734022832790698724, guid: cc97e8645b8340a49938437e55a8393e,
        type: 3}
      propertyPath: m_LocalRotation.y
      value: 0.7071068
      objectReference: {fileID: 0}
    - target: {fileID: 3734022832790698724, guid: cc97e8645b8340a49938437e55a8393e,
        type: 3}
      propertyPath: m_LocalRotation.z
      value: -0
      objectReference: {fileID: 0}
    - target: {fileID: 3734022832790698724, guid: cc97e8645b8340a49938437e55a8393e,
        type: 3}
      propertyPath: m_LocalRotation.w
      value: 0.7071068
      objectReference: {fileID: 0}
    - target: {fileID: 3734022832790698724, guid: cc97e8645b8340a49938437e55a8393e,
        type: 3}
      propertyPath: m_RootOrder
      value: 4
      objectReference: {fileID: 0}
    - target: {fileID: 3734022832790698724, guid: cc97e8645b8340a49938437e55a8393e,
        type: 3}
      propertyPath: m_LocalEulerAnglesHint.x
      value: 0
      objectReference: {fileID: 0}
    - target: {fileID: 3734022832790698724, guid: cc97e8645b8340a49938437e55a8393e,
        type: 3}
      propertyPath: m_LocalEulerAnglesHint.y
      value: 90
      objectReference: {fileID: 0}
    - target: {fileID: 3734022832790698724, guid: cc97e8645b8340a49938437e55a8393e,
        type: 3}
      propertyPath: m_LocalEulerAnglesHint.z
      value: 0
      objectReference: {fileID: 0}
    m_RemovedComponents: []
  m_SourcePrefab: {fileID: 100100000, guid: cc97e8645b8340a49938437e55a8393e, type: 3}
--- !u!4 &2679296037483805474 stripped
Transform:
  m_CorrespondingSourceObject: {fileID: 3734022832790698724, guid: cc97e8645b8340a49938437e55a8393e,
    type: 3}
  m_PrefabInstance: {fileID: 1657092079152169414}
  m_PrefabAsset: {fileID: 0}
--- !u!1001 &1657092079378706570
PrefabInstance:
  m_ObjectHideFlags: 0
  serializedVersion: 2
  m_Modification:
    m_TransformParent: {fileID: 1657092078480322936}
    m_Modifications:
    - target: {fileID: 3734022832790698712, guid: cc97e8645b8340a49938437e55a8393e,
        type: 3}
      propertyPath: m_Name
      value: Wall (6)
      objectReference: {fileID: 0}
    - target: {fileID: 3734022832790698724, guid: cc97e8645b8340a49938437e55a8393e,
        type: 3}
      propertyPath: m_LocalPosition.x
      value: -5.657
      objectReference: {fileID: 0}
    - target: {fileID: 3734022832790698724, guid: cc97e8645b8340a49938437e55a8393e,
        type: 3}
      propertyPath: m_LocalPosition.y
      value: -0.5926919
      objectReference: {fileID: 0}
    - target: {fileID: 3734022832790698724, guid: cc97e8645b8340a49938437e55a8393e,
        type: 3}
      propertyPath: m_LocalPosition.z
      value: 14.539159
      objectReference: {fileID: 0}
    - target: {fileID: 3734022832790698724, guid: cc97e8645b8340a49938437e55a8393e,
        type: 3}
      propertyPath: m_LocalRotation.x
      value: -0
      objectReference: {fileID: 0}
    - target: {fileID: 3734022832790698724, guid: cc97e8645b8340a49938437e55a8393e,
        type: 3}
      propertyPath: m_LocalRotation.y
      value: -0
      objectReference: {fileID: 0}
    - target: {fileID: 3734022832790698724, guid: cc97e8645b8340a49938437e55a8393e,
        type: 3}
      propertyPath: m_LocalRotation.z
      value: -0
      objectReference: {fileID: 0}
    - target: {fileID: 3734022832790698724, guid: cc97e8645b8340a49938437e55a8393e,
        type: 3}
      propertyPath: m_LocalRotation.w
      value: 1
      objectReference: {fileID: 0}
    - target: {fileID: 3734022832790698724, guid: cc97e8645b8340a49938437e55a8393e,
        type: 3}
      propertyPath: m_RootOrder
      value: 8
      objectReference: {fileID: 0}
    - target: {fileID: 3734022832790698724, guid: cc97e8645b8340a49938437e55a8393e,
        type: 3}
      propertyPath: m_LocalEulerAnglesHint.x
      value: 0
      objectReference: {fileID: 0}
    - target: {fileID: 3734022832790698724, guid: cc97e8645b8340a49938437e55a8393e,
        type: 3}
      propertyPath: m_LocalEulerAnglesHint.y
      value: 0
      objectReference: {fileID: 0}
    - target: {fileID: 3734022832790698724, guid: cc97e8645b8340a49938437e55a8393e,
        type: 3}
      propertyPath: m_LocalEulerAnglesHint.z
      value: 0
      objectReference: {fileID: 0}
    m_RemovedComponents: []
  m_SourcePrefab: {fileID: 100100000, guid: cc97e8645b8340a49938437e55a8393e, type: 3}
--- !u!4 &2679296037659921006 stripped
Transform:
  m_CorrespondingSourceObject: {fileID: 3734022832790698724, guid: cc97e8645b8340a49938437e55a8393e,
    type: 3}
  m_PrefabInstance: {fileID: 1657092079378706570}
  m_PrefabAsset: {fileID: 0}
--- !u!1001 &1657092079426210656
PrefabInstance:
  m_ObjectHideFlags: 0
  serializedVersion: 2
  m_Modification:
    m_TransformParent: {fileID: 1657092078480322936}
    m_Modifications:
    - target: {fileID: 1848670370784072581, guid: 65b90b9da6024624fba11895f986bd34,
        type: 3}
      propertyPath: m_Name
      value: BigWall (1)
      objectReference: {fileID: 0}
    - target: {fileID: 5343673906976552644, guid: 65b90b9da6024624fba11895f986bd34,
        type: 3}
      propertyPath: m_LocalPosition.x
      value: 5.7196035
      objectReference: {fileID: 0}
    - target: {fileID: 5343673906976552644, guid: 65b90b9da6024624fba11895f986bd34,
        type: 3}
      propertyPath: m_LocalPosition.y
      value: 6.054708
      objectReference: {fileID: 0}
    - target: {fileID: 5343673906976552644, guid: 65b90b9da6024624fba11895f986bd34,
        type: 3}
      propertyPath: m_LocalPosition.z
      value: 40.19036
      objectReference: {fileID: 0}
    - target: {fileID: 5343673906976552644, guid: 65b90b9da6024624fba11895f986bd34,
        type: 3}
      propertyPath: m_LocalRotation.x
      value: -0
      objectReference: {fileID: 0}
    - target: {fileID: 5343673906976552644, guid: 65b90b9da6024624fba11895f986bd34,
        type: 3}
      propertyPath: m_LocalRotation.y
      value: -0
      objectReference: {fileID: 0}
    - target: {fileID: 5343673906976552644, guid: 65b90b9da6024624fba11895f986bd34,
        type: 3}
      propertyPath: m_LocalRotation.z
      value: -0
      objectReference: {fileID: 0}
    - target: {fileID: 5343673906976552644, guid: 65b90b9da6024624fba11895f986bd34,
        type: 3}
      propertyPath: m_LocalRotation.w
      value: 1
      objectReference: {fileID: 0}
    - target: {fileID: 5343673906976552644, guid: 65b90b9da6024624fba11895f986bd34,
        type: 3}
      propertyPath: m_RootOrder
      value: 10
      objectReference: {fileID: 0}
    - target: {fileID: 5343673906976552644, guid: 65b90b9da6024624fba11895f986bd34,
        type: 3}
      propertyPath: m_LocalEulerAnglesHint.x
      value: 0
      objectReference: {fileID: 0}
    - target: {fileID: 5343673906976552644, guid: 65b90b9da6024624fba11895f986bd34,
        type: 3}
      propertyPath: m_LocalEulerAnglesHint.y
      value: 0
      objectReference: {fileID: 0}
    - target: {fileID: 5343673906976552644, guid: 65b90b9da6024624fba11895f986bd34,
        type: 3}
      propertyPath: m_LocalEulerAnglesHint.z
      value: 0
      objectReference: {fileID: 0}
    m_RemovedComponents: []
  m_SourcePrefab: {fileID: 100100000, guid: 65b90b9da6024624fba11895f986bd34, type: 3}
--- !u!4 &6689999855098297764 stripped
Transform:
  m_CorrespondingSourceObject: {fileID: 5343673906976552644, guid: 65b90b9da6024624fba11895f986bd34,
    type: 3}
  m_PrefabInstance: {fileID: 1657092079426210656}
  m_PrefabAsset: {fileID: 0}
--- !u!1001 &1657092079505175420
PrefabInstance:
  m_ObjectHideFlags: 0
  serializedVersion: 2
  m_Modification:
    m_TransformParent: {fileID: 1657092078480322936}
    m_Modifications:
    - target: {fileID: 3734022832790698712, guid: cc97e8645b8340a49938437e55a8393e,
        type: 3}
      propertyPath: m_Name
      value: Wall (7)
      objectReference: {fileID: 0}
    - target: {fileID: 3734022832790698724, guid: cc97e8645b8340a49938437e55a8393e,
        type: 3}
      propertyPath: m_LocalPosition.x
      value: -4.9541
      objectReference: {fileID: 0}
    - target: {fileID: 3734022832790698724, guid: cc97e8645b8340a49938437e55a8393e,
        type: 3}
      propertyPath: m_LocalPosition.y
      value: -0.59108
      objectReference: {fileID: 0}
    - target: {fileID: 3734022832790698724, guid: cc97e8645b8340a49938437e55a8393e,
        type: 3}
      propertyPath: m_LocalPosition.z
      value: 6.9404
      objectReference: {fileID: 0}
    - target: {fileID: 3734022832790698724, guid: cc97e8645b8340a49938437e55a8393e,
        type: 3}
      propertyPath: m_LocalRotation.x
      value: 0
      objectReference: {fileID: 0}
    - target: {fileID: 3734022832790698724, guid: cc97e8645b8340a49938437e55a8393e,
        type: 3}
      propertyPath: m_LocalRotation.y
      value: 0.7071068
      objectReference: {fileID: 0}
    - target: {fileID: 3734022832790698724, guid: cc97e8645b8340a49938437e55a8393e,
        type: 3}
      propertyPath: m_LocalRotation.z
      value: 0
      objectReference: {fileID: 0}
    - target: {fileID: 3734022832790698724, guid: cc97e8645b8340a49938437e55a8393e,
        type: 3}
      propertyPath: m_LocalRotation.w
      value: 0.7071068
      objectReference: {fileID: 0}
    - target: {fileID: 3734022832790698724, guid: cc97e8645b8340a49938437e55a8393e,
        type: 3}
      propertyPath: m_RootOrder
      value: 13
      objectReference: {fileID: 0}
    - target: {fileID: 3734022832790698724, guid: cc97e8645b8340a49938437e55a8393e,
        type: 3}
      propertyPath: m_LocalEulerAnglesHint.x
      value: 0
      objectReference: {fileID: 0}
    - target: {fileID: 3734022832790698724, guid: cc97e8645b8340a49938437e55a8393e,
        type: 3}
      propertyPath: m_LocalEulerAnglesHint.y
      value: 90
      objectReference: {fileID: 0}
    - target: {fileID: 3734022832790698724, guid: cc97e8645b8340a49938437e55a8393e,
        type: 3}
      propertyPath: m_LocalEulerAnglesHint.z
      value: 0
      objectReference: {fileID: 0}
    m_RemovedComponents: []
  m_SourcePrefab: {fileID: 100100000, guid: cc97e8645b8340a49938437e55a8393e, type: 3}
--- !u!4 &2679296037254531480 stripped
Transform:
  m_CorrespondingSourceObject: {fileID: 3734022832790698724, guid: cc97e8645b8340a49938437e55a8393e,
    type: 3}
  m_PrefabInstance: {fileID: 1657092079505175420}
  m_PrefabAsset: {fileID: 0}
--- !u!1001 &1657092079619102917
PrefabInstance:
  m_ObjectHideFlags: 0
  serializedVersion: 2
  m_Modification:
    m_TransformParent: {fileID: 1657092078480322936}
    m_Modifications:
    - target: {fileID: 3734022832790698712, guid: cc97e8645b8340a49938437e55a8393e,
        type: 3}
      propertyPath: m_Name
      value: Wall (4)
      objectReference: {fileID: 0}
    - target: {fileID: 3734022832790698724, guid: cc97e8645b8340a49938437e55a8393e,
        type: 3}
      propertyPath: m_LocalPosition.x
      value: 7.4276032
      objectReference: {fileID: 0}
    - target: {fileID: 3734022832790698724, guid: cc97e8645b8340a49938437e55a8393e,
        type: 3}
      propertyPath: m_LocalPosition.y
      value: -0.5926919
      objectReference: {fileID: 0}
    - target: {fileID: 3734022832790698724, guid: cc97e8645b8340a49938437e55a8393e,
        type: 3}
      propertyPath: m_LocalPosition.z
      value: 10.4560585
      objectReference: {fileID: 0}
    - target: {fileID: 3734022832790698724, guid: cc97e8645b8340a49938437e55a8393e,
        type: 3}
      propertyPath: m_LocalRotation.x
      value: -0
      objectReference: {fileID: 0}
    - target: {fileID: 3734022832790698724, guid: cc97e8645b8340a49938437e55a8393e,
        type: 3}
      propertyPath: m_LocalRotation.y
      value: -0
      objectReference: {fileID: 0}
    - target: {fileID: 3734022832790698724, guid: cc97e8645b8340a49938437e55a8393e,
        type: 3}
      propertyPath: m_LocalRotation.z
      value: -0
      objectReference: {fileID: 0}
    - target: {fileID: 3734022832790698724, guid: cc97e8645b8340a49938437e55a8393e,
        type: 3}
      propertyPath: m_LocalRotation.w
      value: 1
      objectReference: {fileID: 0}
    - target: {fileID: 3734022832790698724, guid: cc97e8645b8340a49938437e55a8393e,
        type: 3}
      propertyPath: m_RootOrder
      value: 6
      objectReference: {fileID: 0}
    - target: {fileID: 3734022832790698724, guid: cc97e8645b8340a49938437e55a8393e,
        type: 3}
      propertyPath: m_LocalEulerAnglesHint.x
      value: 0
      objectReference: {fileID: 0}
    - target: {fileID: 3734022832790698724, guid: cc97e8645b8340a49938437e55a8393e,
        type: 3}
      propertyPath: m_LocalEulerAnglesHint.y
      value: 0
      objectReference: {fileID: 0}
    - target: {fileID: 3734022832790698724, guid: cc97e8645b8340a49938437e55a8393e,
        type: 3}
      propertyPath: m_LocalEulerAnglesHint.z
      value: 0
      objectReference: {fileID: 0}
    m_RemovedComponents: []
  m_SourcePrefab: {fileID: 100100000, guid: cc97e8645b8340a49938437e55a8393e, type: 3}
--- !u!4 &2679296037417427489 stripped
Transform:
  m_CorrespondingSourceObject: {fileID: 3734022832790698724, guid: cc97e8645b8340a49938437e55a8393e,
    type: 3}
  m_PrefabInstance: {fileID: 1657092079619102917}
  m_PrefabAsset: {fileID: 0}
--- !u!1001 &2679296036953155705
PrefabInstance:
  m_ObjectHideFlags: 0
  serializedVersion: 2
  m_Modification:
    m_TransformParent: {fileID: 1657092078480322936}
    m_Modifications:
    - target: {fileID: 3734022832790698712, guid: cc97e8645b8340a49938437e55a8393e,
        type: 3}
      propertyPath: m_Name
      value: Wall
      objectReference: {fileID: 0}
    - target: {fileID: 3734022832790698724, guid: cc97e8645b8340a49938437e55a8393e,
        type: 3}
      propertyPath: m_LocalPosition.x
      value: -9.7041
      objectReference: {fileID: 0}
    - target: {fileID: 3734022832790698724, guid: cc97e8645b8340a49938437e55a8393e,
        type: 3}
      propertyPath: m_LocalPosition.y
      value: -0.59108
      objectReference: {fileID: 0}
    - target: {fileID: 3734022832790698724, guid: cc97e8645b8340a49938437e55a8393e,
        type: 3}
      propertyPath: m_LocalPosition.z
      value: 1.6903584
      objectReference: {fileID: 0}
    - target: {fileID: 3734022832790698724, guid: cc97e8645b8340a49938437e55a8393e,
        type: 3}
      propertyPath: m_LocalRotation.x
      value: -0
      objectReference: {fileID: 0}
    - target: {fileID: 3734022832790698724, guid: cc97e8645b8340a49938437e55a8393e,
        type: 3}
      propertyPath: m_LocalRotation.y
      value: -0
      objectReference: {fileID: 0}
    - target: {fileID: 3734022832790698724, guid: cc97e8645b8340a49938437e55a8393e,
        type: 3}
      propertyPath: m_LocalRotation.z
      value: -0
      objectReference: {fileID: 0}
    - target: {fileID: 3734022832790698724, guid: cc97e8645b8340a49938437e55a8393e,
        type: 3}
      propertyPath: m_LocalRotation.w
      value: 1
      objectReference: {fileID: 0}
    - target: {fileID: 3734022832790698724, guid: cc97e8645b8340a49938437e55a8393e,
        type: 3}
      propertyPath: m_RootOrder
      value: 1
      objectReference: {fileID: 0}
    - target: {fileID: 3734022832790698724, guid: cc97e8645b8340a49938437e55a8393e,
        type: 3}
      propertyPath: m_LocalEulerAnglesHint.x
      value: 0
      objectReference: {fileID: 0}
    - target: {fileID: 3734022832790698724, guid: cc97e8645b8340a49938437e55a8393e,
        type: 3}
      propertyPath: m_LocalEulerAnglesHint.y
      value: 0
      objectReference: {fileID: 0}
    - target: {fileID: 3734022832790698724, guid: cc97e8645b8340a49938437e55a8393e,
        type: 3}
      propertyPath: m_LocalEulerAnglesHint.z
      value: 0
      objectReference: {fileID: 0}
    m_RemovedComponents: []
  m_SourcePrefab: {fileID: 100100000, guid: cc97e8645b8340a49938437e55a8393e, type: 3}
--- !u!4 &1657092078600688285 stripped
Transform:
  m_CorrespondingSourceObject: {fileID: 3734022832790698724, guid: cc97e8645b8340a49938437e55a8393e,
    type: 3}
  m_PrefabInstance: {fileID: 2679296036953155705}
  m_PrefabAsset: {fileID: 0}
--- !u!1001 &5205022379922648239
PrefabInstance:
  m_ObjectHideFlags: 0
  serializedVersion: 2
  m_Modification:
    m_TransformParent: {fileID: 1657092078480322936}
    m_Modifications:
    - target: {fileID: 8860500735493700378, guid: 2886cba3fda48664cbb66405ea5534d8,
        type: 3}
      propertyPath: m_LocalPosition.x
      value: -0.20241
      objectReference: {fileID: 0}
    - target: {fileID: 8860500735493700378, guid: 2886cba3fda48664cbb66405ea5534d8,
        type: 3}
      propertyPath: m_LocalPosition.y
      value: 1.4073
      objectReference: {fileID: 0}
    - target: {fileID: 8860500735493700378, guid: 2886cba3fda48664cbb66405ea5534d8,
        type: 3}
      propertyPath: m_LocalPosition.z
      value: 5.0404
      objectReference: {fileID: 0}
    - target: {fileID: 8860500735493700378, guid: 2886cba3fda48664cbb66405ea5534d8,
        type: 3}
      propertyPath: m_LocalRotation.x
      value: 1
      objectReference: {fileID: 0}
    - target: {fileID: 8860500735493700378, guid: 2886cba3fda48664cbb66405ea5534d8,
        type: 3}
      propertyPath: m_LocalRotation.y
      value: 0
      objectReference: {fileID: 0}
    - target: {fileID: 8860500735493700378, guid: 2886cba3fda48664cbb66405ea5534d8,
        type: 3}
      propertyPath: m_LocalRotation.z
      value: 0
      objectReference: {fileID: 0}
    - target: {fileID: 8860500735493700378, guid: 2886cba3fda48664cbb66405ea5534d8,
        type: 3}
      propertyPath: m_LocalRotation.w
      value: 0
      objectReference: {fileID: 0}
    - target: {fileID: 8860500735493700378, guid: 2886cba3fda48664cbb66405ea5534d8,
        type: 3}
      propertyPath: m_RootOrder
      value: 15
      objectReference: {fileID: 0}
    - target: {fileID: 8860500735493700378, guid: 2886cba3fda48664cbb66405ea5534d8,
        type: 3}
      propertyPath: m_LocalEulerAnglesHint.x
      value: 180
      objectReference: {fileID: 0}
    - target: {fileID: 8860500735493700378, guid: 2886cba3fda48664cbb66405ea5534d8,
        type: 3}
      propertyPath: m_LocalEulerAnglesHint.y
      value: 0
      objectReference: {fileID: 0}
    - target: {fileID: 8860500735493700378, guid: 2886cba3fda48664cbb66405ea5534d8,
        type: 3}
      propertyPath: m_LocalEulerAnglesHint.z
      value: 0
      objectReference: {fileID: 0}
    - target: {fileID: 8860500735493700382, guid: 2886cba3fda48664cbb66405ea5534d8,
        type: 3}
      propertyPath: m_Name
      value: Top
      objectReference: {fileID: 0}
    m_RemovedComponents: []
  m_SourcePrefab: {fileID: 100100000, guid: 2886cba3fda48664cbb66405ea5534d8, type: 3}
--- !u!4 &3660624126899328949 stripped
Transform:
  m_CorrespondingSourceObject: {fileID: 8860500735493700378, guid: 2886cba3fda48664cbb66405ea5534d8,
    type: 3}
  m_PrefabInstance: {fileID: 5205022379922648239}
  m_PrefabAsset: {fileID: 0}
--- !u!1001 &5250455307557253957
PrefabInstance:
  m_ObjectHideFlags: 0
  serializedVersion: 2
  m_Modification:
    m_TransformParent: {fileID: 1657092078480322936}
    m_Modifications:
    - target: {fileID: 1848670370784072581, guid: 65b90b9da6024624fba11895f986bd34,
        type: 3}
      propertyPath: m_Name
      value: BigWall
      objectReference: {fileID: 0}
    - target: {fileID: 5343673906976552644, guid: 65b90b9da6024624fba11895f986bd34,
        type: 3}
      propertyPath: m_LocalPosition.x
      value: 5.719622
      objectReference: {fileID: 0}
    - target: {fileID: 5343673906976552644, guid: 65b90b9da6024624fba11895f986bd34,
        type: 3}
      propertyPath: m_LocalPosition.y
      value: 6.054687
      objectReference: {fileID: 0}
    - target: {fileID: 5343673906976552644, guid: 65b90b9da6024624fba11895f986bd34,
        type: 3}
      propertyPath: m_LocalPosition.z
      value: 10.190307
      objectReference: {fileID: 0}
    - target: {fileID: 5343673906976552644, guid: 65b90b9da6024624fba11895f986bd34,
        type: 3}
      propertyPath: m_LocalRotation.x
      value: -0
      objectReference: {fileID: 0}
    - target: {fileID: 5343673906976552644, guid: 65b90b9da6024624fba11895f986bd34,
        type: 3}
      propertyPath: m_LocalRotation.y
      value: -0
      objectReference: {fileID: 0}
    - target: {fileID: 5343673906976552644, guid: 65b90b9da6024624fba11895f986bd34,
        type: 3}
      propertyPath: m_LocalRotation.z
      value: -0
      objectReference: {fileID: 0}
    - target: {fileID: 5343673906976552644, guid: 65b90b9da6024624fba11895f986bd34,
        type: 3}
      propertyPath: m_LocalRotation.w
      value: 1
      objectReference: {fileID: 0}
    - target: {fileID: 5343673906976552644, guid: 65b90b9da6024624fba11895f986bd34,
        type: 3}
      propertyPath: m_RootOrder
      value: 9
      objectReference: {fileID: 0}
    - target: {fileID: 5343673906976552644, guid: 65b90b9da6024624fba11895f986bd34,
        type: 3}
      propertyPath: m_LocalEulerAnglesHint.x
      value: 0
      objectReference: {fileID: 0}
    - target: {fileID: 5343673906976552644, guid: 65b90b9da6024624fba11895f986bd34,
        type: 3}
      propertyPath: m_LocalEulerAnglesHint.y
      value: 0
      objectReference: {fileID: 0}
    - target: {fileID: 5343673906976552644, guid: 65b90b9da6024624fba11895f986bd34,
        type: 3}
      propertyPath: m_LocalEulerAnglesHint.z
      value: 0
      objectReference: {fileID: 0}
    m_RemovedComponents: []
  m_SourcePrefab: {fileID: 100100000, guid: 65b90b9da6024624fba11895f986bd34, type: 3}
--- !u!4 &213312211502744961 stripped
Transform:
  m_CorrespondingSourceObject: {fileID: 5343673906976552644, guid: 65b90b9da6024624fba11895f986bd34,
    type: 3}
  m_PrefabInstance: {fileID: 5250455307557253957}
  m_PrefabAsset: {fileID: 0}
